<?xml version="1.0" encoding="UTF-8"?><collection xmlns="http://www.loc.gov/MARC21/slim"><record><leader>00419nam--2200157-i-4500</leader><controlfield tag="001">000042872</controlfield><controlfield tag="002">20161230</controlfield><controlfield tag="005">20161230201043</controlfield><controlfield tag="008">060222s1000------------r-----000-0-rum-d</controlfield><datafield ind1=" " ind2=" " tag="040"><subfield code="a">IFIN-HH</subfield></datafield><datafield ind1=" " ind2=" " tag="080"><subfield code="a">531.5:530.12</subfield></datafield><datafield ind1=" " ind2=" " tag="100"><subfield code="a">Sterian,Paul</subfield></datafield><datafield ind1=" " ind2=" " tag="245"><subfield code="a">Mecanica relativista si notiuni de teoria gravitatiei</subfield></datafield><datafield ind1=" " ind2=" " tag="260"><subfield code="a">Bucuresti, Ed.Tehnica, 1979. 174 P</subfield></datafield><datafield ind1=" " ind2=" " tag="852"><subfield code="a">47286</subfield><subfield code="c">/ 531</subfield></datafield><datafield ind1=" " ind2=" " tag="CAT"><subfield code="a">Sys</subfield><subfield code="c">20100526</subfield><subfield code="h">111436</subfield></datafield></record></collection>